@Article{moakher02,
  title = {{Means and averaging in the group of rotations}},
  author = {M. Moakher},
  journal = {SIAM Journal on Matrix Analysis and Applications},
  volume = {24},
  number = {1},
  pages = {1--16},
  year = {2002},
  publisher = {Citeseer},
}

@Article{Schaeben97,
  title = {A Simple Standard Orientation Density Function: The Hyperspherical de la Vall\'{e}e Poussin Kernel},
  author = {H. Schaeben},
  journal = {Phys. Stat. Sol. (B)},
  volume = {200},
  pages = {367--376},
  year = {1997},
}

@Article{leon06,
  title = {{A statistical model for random rotations}},
  author = {C.A. Le{\'o}n and J.C. Mass \'e and L.P. Rivest},
  journal = {Journal of Multivariate Analysis},
  volume = {97},
  number = {2},
  pages = {412--430},
  year = {2006},
  publisher = {Elsevier},
}

@InProceedings{hartley11,
  title = {L1 rotation averaging using the Weiszfeld algorithm},
  author = {R. Hartley and K. Aftab and J. Trumpf},
  booktitle = {2011 IEEE Conference on Computer Vision and Pattern Recognition (CVPR)},
  pages = {3041--3048},
  year = {2011},
  organization = {IEEE},
}

@InProceedings{manton04,
  title = {A globally convergent numerical algorithm for computing the centre of mass on compact Lie groups},
  author = {J.H. Manton},
  booktitle = {8th Conference on Control, Automation, Robotics and Vision, (ICARCV) },
  volume = {3},
  pages = {2211--2216},
  year = {2004},
  organization = {IEEE},
}
@Book{wickham09,
  author = {Hadley Wickham},
  title = {ggplot2: elegant graphics for data analysis},
  publisher = {Springer New York},
  year = {2009},
  isbn = {978-0-387-98140-6},
  url = {http://had.co.nz/ggplot2/book},
}
@Article{gramkow01,
  title = {On averaging rotations},
  author = {C. Gramkow},
  journal = {Journal of Mathematical Imaging and Vision},
  volume = {15},
  number = {1},
  pages = {7--16},
  year = {2001},
  publisher = {Springer},
}
@Book{morawiec04,
  title = {Orientations and rotations: computations in crystallographic textures},
  author = {A. Morawiec},
  year = {2004},
  publisher = {Springer Verlag},
}

@article{bingham09,
  title={Modeling and Inference for Measured Crystal Orientations and a Tractable Class of Symmetric Distributions for Rotations in three Dimensions},
  author={Bingham, M.A. and Nordman, D.J. and Vardeman, S.B.},
  journal={Journal of the American Statistical Association},
  volume={104},
  number={488},
  pages={1385--1397},
  year={2009},
  publisher={ASA}
}

@article{rancourt2000,
  title={Using orientation statistics to investigate variations in human kinematics},
  author={Rancourt, D. and Rivest, L.P. and Asselin, J.},
  journal={Journal of the Royal Statistical Society: Series C (Applied Statistics)},
  volume={49},
  number={1},
  pages={81--94},
  year={2000},
  publisher={Wiley Online Library}
}
