@article{arun87,
  title={Least-Squares Fitting of two 3-D Point Sets},
  author={Arun, K.S. and Huang, T.S. and Blostein, S.D.},
  journal={IEEE Transactions on Pattern Analysis and Machine Intelligence},
  volume=9,
  number={5},
  pages={698--700},
  year={1987},
  publisher={IEEE}
}

%First coins the term "weber point" for the minimizer of the sum of first order euclidean distances
@article{bajaj88,
  title={The Algebraic Degree of Geometric Optimization Problems},
  author={Bajaj, C.},
  journal={Discrete \& Computational Geometry},
  volume={3},
  number={1},
  pages={177--191},
  year={1988},
  publisher={Springer}
}

@article{best79,
  title={Efficient Simulation of the von Mises Distribution},
  author={Best, D.J. and Fisher, N.I.},
  journal={Applied Statistics},
  volume={28},
  number={2},
  pages={152--157},
  issn={0035-9254},
  year={1979},
  publisher={JSTOR}
}

@article{bingham09,
  title={Modeling and Inference for Measured Crystal Orientations and a Tractable Class of Symmetric Distributions for Rotations in three Dimensions},
  author={Bingham, M.A. and Nordman, D.J. and Vardeman, S.B.},
  journal={Journal of the American Statistical Association},
  volume={104},
  number={488},
  pages={1385--1397},
  year={2009},
  publisher={ASA}
}

@article{bingham10,
  title={Finite-sample Investigation of Likelihood and Bayes Inference for the Symmetric von Mises-Fisher Distribution},
  author={Bingham, M.A. and  Nordman, D.J. and Vardeman, S.B.},
  journal={Computational Statistics \& Data Analysis},
  volume={54},
  number={5},
  pages={1317--1327},
  year={2010}
}

@article{brown83,
  title={Statistical Uses of the Spatial Median},
  author={Brown, B.M.},
  journal={Journal of the Royal Statistical Society. Series B (Methodological)},
  pages={25--30},
  year={1983},
  publisher={JSTOR}
}


@book{bunge82,
  title={Texture Analysis in Material Science},
  author={Bunge, H.J.},
  isbn={ },
  year={1982},
  publisher={Butterworth, London}
}


@article{chakak03,
  title={A Study of the Tangent Space Model of the von Mises-Fisher Distribution
},
  author={Chakak, A. and Imlahi, L.},
  journal={Revista Real Academia de Ciencias Exactas Serie A. Matematicas (RACSAM)},
  volume={97},
  number={1},
  pages={41--51},
  year={2003}}

@article{chan93,
  title={On Median-type Estimators of Direction for the von Mises-Fisher Distribution},
  author={Chan, Y.M. and He, X.},
  journal={Biometrika},
  volume={80},
  number={4},
  pages={869--875},
  year={1993},
  publisher={JSTOR}
}

%Crazy technical book with a few useful notes about the Matrix Fisher distribution.
@book{chikuse03,
  title={Statistics on Special Manifolds},
  author={Chikuse, Y.},
  isbn={0387001603},
  year={2003},
  publisher={Springer Verlag}
}

@article{dai10,
  title={Rotation Averaging with Application to Camera-Rig Calibration},
  author={Dai, Y. and Trumpf, J. and Li, H. and Barnes, N. and Hartley, R.},
  journal={Computer Vision--ACCV 2009},
  pages={335--346},
  year={2010},
  publisher={Springer}
}

%Downs is credited with coming up the the Matrix Fisher distribution, but it was first proposed by Langevin 1905.  Not terrible readable.
@article{downs72,
  title={Orientation Statistics},
  author={Downs, T.D.},
  journal={Biometrika},
  volume={59},
  number={3},
  pages={665--676},
  year={1972},
  publisher={Biometrika Trust}
}

%Introduces the normailized spatial median and shows it is more efficient than the normalized mean for the contaminated Matrix Fisher distribution at detecting the modal direction on the hypershpere.
@article{ducharme87,
  title={Spatial Median and Directional Data},
  author={Ducharme, G.R. and Milasevic, P.},
  journal={Biometrika},
  volume={74},
  number={1},
  pages={212--215},
  year={1987},
  publisher={Biometrika Trust}
}

@article{durocher09,
  title={The Projection Median of a Set of Points},
  author={Durocher, S. and Kirkpatrick, D.},
  journal={Computational Geometry},
  volume={42},
  number={5},
  pages={364--375},
  year={2009},
  publisher={Elsevier}
}

@article{eggert97,
  title={Estimating 3-D Rigid Body Transformations: A Comparison of Four Major Algorithms},
  author={Eggert, D.W. and Lorusso, A. and Fisher, R.B.},
  journal={Machine Vision and Applications},
  volume={9},
  number={5},
  pages={272--290},
  year={1997},
  publisher={Springer}
}

%Good development of the circular von Mises distribution and where I got the simulation method from.
@book{fisher96,
  title={{Statistical Analysis of Circular Data}},
  author={Fisher, N.I.},
  isbn={0521568900},
  year={1996},
  publisher={Cambridge University Press}
}

%Developed one version of the median on the sphere.  This is our L1 estimator
@article{fisher85,
  title={{Spherical Medians}},
  author={Fisher, N.I.},
  journal={Journal of the Royal Statistical Society. Series B (Methodological)},
  pages={342--348},
  year={1985},
  publisher={JSTOR}
}

%The paper that made the Fisher distribution the Fisher distribution.  Supposidly written in the 20's only to be locked away until 53.  Presents many fundamental concepts about the Fisher distribution.
@article{fisher53,
  title={{Dispersion on a Sphere}},
  author={Fisher, R.A.},
  journal={Proceedings of the Royal Society of London. Series A, Mathematical and Physical Sciences},
  pages={295--305},
  issn={0080-4630},
  year={1953},
  publisher={JSTOR}
}

%Computer scientists crack at the problem.  Interesting visuals.
@inproceedings{fletcher08,
  title={{Robust Statistics on Riemannian Manifolds via the Geometric Median}},
  author={Fletcher, P.T. and Venkatasubramanian, S. and Joshi, S.},
  booktitle={2008 IEEE Conference on Computer Vision and Pattern Recognition (CVPR)},
  pages={1--8},
  year={2008},
  organization={IEEE}
}

@article{fletcher09,
  title={The Geometric Median on Riemannian Manifolds with Application to Robust Atlas Estimation},
  author={Fletcher, P.T. and  Venkatasubramanian, S. and Joshi, S.},
  journal={NeuroImage},
  volume={45},
  number={1},
  pages={S143--S152},
  year={2009},
  publisher={Elsevier}
}

@article{gamage02,
  title={New least squares solutions for estimating the average centre of rotation and the axis of rotation},
  author={Gamage, S.S. and Lasenby, J.},
  journal={Journal of Biomechanics},
  volume={35},
  number={1},
  pages={87--93},
  year={2002},
  publisher={Elsevier}
}
 
@article{gower74,
  title={{The mediancentre}},
  author={Gower, J.C.},
  journal={Applied Statistics},
  volume={23},
  number={3},
  pages={466--470},
  year={1974}
}

@inproceedings{hartley11,
  title={L1 rotation averaging using the Weiszfeld algorithm},
  author={Hartley, R. and Aftab, K. and Trumpf, J.},
  booktitle={2011 IEEE Conference on Computer Vision and Pattern Recognition (CVPR)},
  pages={3041--3048},
  year={2011},
  organization={IEEE}
}

@article{hadani11,
  title={Representation Theoretic Patterns in Three-Dimensional Cryo-Electron Microscopy II -- The Class Averaging Problem},
  author={Hadani, R. and Singer, A.},
  journal={Foundations of Computational Mathematics},
  pages={1--28},
  year={2011},
  publisher={Springer}
}

%Good summary of robust statistics of directional data
@inproceedings{he91,
  title={{Robust Statistics of Directional Data: A Survey}},
  author={He, X.},
  booktitle={Nonparametric Statistics and Related Topics},
  pages={87--95},
  year={1991},
  organization={North-Holland}
}

@article{hielscher10,
  title={Orientation Distribution
Within a Single Hematite Crystal},
  author={Hielscher, R. and Schaeben, H. and Siemes H.},
  journal={Mathematical Geosciences},
  volume={42},
  pages={359--375},
  year={2010}
}


@article{horn88,
  title={Closed-form solution of absolute orientation using orthonormal matrices},
  author={Horn, B.K.P. and Hilden, H.M. and Negahdaripour, S.},
  journal={Journal of the Optical Society of America},
  volume={5},
  number={7},
  pages={1127--1135},
  year={1988},
  publisher={Optical Society of America}
}

@book{huber09,
  title={{Robust statistics}},
  author={Huber, P.J. and Ronchetti, E.},
  year={2009},
  publisher={John Wiley \& Sons Inc}
}

%Proves that the MLE for the Fisher Distribution exists and is unique for all but small sample sizes.  Very technical.  Proves the conjecture posed by khatri77
@article{jupp79,
  title={{Maximum likelihood estimators for the matrix von Mises-Fisher and Bingham distributions}},
  author={Jupp, P.E. and Mardia, K.V.},
  journal={The Annals of Statistics},
  volume={7},
  number={3},
  pages={599--606},
  issn={0090-5364},
  year={1979},
  publisher={JSTOR}
}

@article{jupp89,
  title={{A unified view of the theory of directional statistics}},
  author={Jupp, P.E. and Mardia, K.V.},
  journal={International Statistical Review},
  volume={57},
  number={3},
  pages={261--294},
  year={1989},
  publisher={ISI}
}



%Credited with developing the L2 estimator on the sphere, that is the estimator that minimizes the squared riemannian distance on the sphere
@article{karcher77,
  title={{Riemannian center of mass and mollifier smoothing}},
  author={Karcher, H.},
  journal={Communications on pure and applied mathematics},
  volume={30},
  number={5},
  pages={509--541},
  year={1977},
  publisher={Wiley Online Library}
}

@article{kanatani94,
  title={Analysis of 3-D rotation fitting},
  author={Kanatani, K.},
  journal={IEEE Transactions on Pattern Analysis and Machine Intelligence},
  volume={16},
  number={5},
  pages={543--549},
  year={1994},
  publisher={IEEE}
}

%They develop various key properties of the Fisher distribution including the normalizing constant, the first moment and the MLE.
@article{khatri77,
  title={The von Mises-Fisher matrix distribution in orientation statistics},
  author={Khatri, C.G. and Mardia, K.V.},
  journal={Journal of the Royal Statistical Society. Series B (Methodological)},
  volume={39},
  number={1},
  pages={95--106},
  issn={0035-9246},
  year={1977},
  publisher={JSTOR}
}

%The first mentioning of the Fisher distribution
@article{langevin05,
  title={Magnetism and the Theory of the Electron},
  author={Langevin, P.},
  journal={Annales de chimie et de physique},
  volume={5},
  pages={70},
  year={1905}
}

%Creation of the Cayley distribution
@article{leon06,
  title={{A statistical model for random rotations}},
  author={Le{\'o}n, C.A. and Mass{\'e}, J.C. and Rivest, L.P.},
  journal={Journal of Multivariate Analysis},
  volume={97},
  number={2},
  pages={412--430},
  year={2006},
  publisher={Elsevier}
}

%Data depth on the sphere, good stuff.
@article{liu92,
  title={{Ordering directional data: concepts of data depth on circles and spheres}},
  author={Liu, R.Y. and Singh, K.},
  journal={The Annals of Statistics},
  pages={1468--1484},
  issn={0090-5364},
  year={1992},
  publisher={JSTOR}
}

@inproceedings{manton04,
  title={A globally convergent numerical algorithm for computing the centre of mass on compact Lie groups},
  author={Manton, J.H.},
  booktitle={8th Conference on Control, Automation, Robotics and Vision, (ICARCV) },
  volume={3},
  pages={2211--2216},
  year={2004},
  organization={IEEE}
}

@book{mardia00,
  title={{Directional Statistics}},
  author={Mardia, K.V. and Jupp, P.E.},
  year={2000},
  publisher={Wiley Chichester}
}



@article{matthies88,
  title={{On the Normal Distribution in
the Orientation Space}},
  author={Matthies, S. and Muller, J. and Vinel, G.W.},
  journal={Textures and Microstructures},
  volume={10},
  pages={77--96},
  year={1988}
}

%Develops the mean in both the riemannian and euclidean sense for random rotations
@article{moakher02,
  title={{Means and averaging in the group of rotations}},
  author={Moakher, M.},
  journal={SIAM Journal on Matrix Analysis and Applications},
  volume={24},
  number={1},
  pages={1--16},
  year={2002},
  publisher={Citeseer}
}

%He extends the ''geometric mean'' and takes a different approach to the idea as well
@article{moakher05,
  title={{A differential geometric approach to the geometric mean of symmetric positive-definite matrices}},
  author={Moakher, M.},
  journal={SIAM Journal on Matrix Analysis and Applications},
  volume={26},
  number={3},
  pages={735--747},
  issn={0895-4798},
  year={2005},
  publisher={Citeseer}
}

@article{pierrynowski09,
  title={Oppugning the assumptions of spatial averaging of segment and joint orientations},
  author={Pierrynowski, M.R. and Ball, K.A.},
  journal={Journal of biomechanics},
  volume={42},
  number={3},
  pages={375--378},
  year={2009},
  publisher={Elsevier}
}

%Simplifies Jupp 1979 to the special cases of 3x2 and 3x3 orientatins and uses quaternions mostly
@article{prentice86,
  title={{Orientation statistics without parametric assumptions}},
  author={Prentice, M.J.},
  journal={Journal of the Royal Statistical Society. Series B (Methodological)},
  volume={48},
  number={2},
  pages={214--222},
  issn={0035-9246},
  year={1986},
  publisher={JSTOR}
}

@Manual{rcore,
  title = {R: A language and environment for statistical computing},
  author = {{R Core Team}},
  organization = {R Foundation for Statistical Computing},
  address = {Vienna, Austria},
  year = {2012},
  note = {{ISBN} 3-900051-07-0},
  url = {http://www.R-project.org/},
}

%Applications paper.  Rivest uses von Mises Fisher to model posture in drilling to find optimal drilling position
@article{rancourt00,
  title={{Using orientation statistics to investigate variations in human kinematics}},
  author={Rancourt, D. and Rivest, L.P. and Asselin, J.},
  journal={Journal of the Royal Statistical Society: Series C (Applied Statistics)},
  volume={49},
  number={1},
  pages={81--94},
  issn={1467-9876},
  year={2000},
  publisher={Wiley Online Library}
}



@book{randle03,
  title={{Microtexture Determination and its Applications}},
  author={Randle, V.},
  year={2003},
  publisher={London: Maney
for The Institute of Materials, Minerals and Mining}
}

@article{savyolova95,
  title={{Normal Distribution on the Rotation
Group SO(3)}},
  author={Savyolova, T.I. and Nikolayev, D.I.},
  journal={Textures and Microstructures},
  volume={29},
  pages={201--233},
  year={1995}
}

@article{Schaeben97,
  title={A Simple Standard Orientation Density Function: The Hyperspherical de la Vall\'{e}e Poussin Kernel},
  author={Schaeben, H.},
  journal={Phys. Stat. Sol. (B)},
  volume={200},
  pages={367--376},
  year={1997}
}


@article{sharf10,
  title={{Arithmetic and geometric solutions for average rigid-body rotation}},
  author={Sharf, I. and Wolf, A. and Rubin, M.B.},
  journal={Mechanism and Machine Theory},
  volume={45},
  issn={0094-114X},
  year={2010},
  pages={1239--1251},
  publisher={Elsevier},
  url = {http://brml.technion.ac.il/publications_files/1307386738.pdf}
}



@article{schwartz05,
  title={A new method for estimating joint parameters from motion data},
  author={Schwartz, M.H. and Rozumalski, A.},
  journal={Journal of Biomechanics},
  volume={38},
  number={1},
  pages={107--116},
  year={2005},
  publisher={Elsevier}
}

@article{umeyama91,
  title={{Least squares estimation of transformation parameters between two point patterns}},
  author={Umeyama, S.},
  journal={IEEE Transactions on Pattern Analysis and Machine Intelligence},
  volume={13},
  pages={376--380},
  year={1991}
}

%First creation of the von Mises circular distribution
@article{von18,
  title={{\"Uber die Ganzzahligkeit der Atomgewichte und verwandte Fragen}},
  author={von Mises, R.},
  journal={Physikalische Zeitschrift},
  volume={19},
  pages={490--500},
  year={1918}
}

%Provides a lot of results relating to Fishers 1953 paper for his distribution on the sphere
@article{watson56,
  title={{On the construction of significance tests on the circle and the sphere}},
  author={Watson, G.S. and Williams, E.J.},
  journal={Biometrika},
  volume={43},
  number={3-4},
  pages={344},
  issn={0006-3444},
  year={1956},
  publisher={Biometrika Trust}
}

%Watson's book which includes a majority of his published findings through the 70's and 80's
@misc{watson83,
  title={Statistics on Spheres, University of Arkansas Lecture Notes in the Mathematical Sciences, vol. 6},
  author={Watson, G.S.},
  year={1983},
  publisher={Wiley, New York}
}

@article{weiszfeld37,
  title={{Sur le point pour lequel la somme des distances de n points donn\'es est minimum}},
  author={Weiszfeld, E.},
  journal={Tohoku Mathematics Journal},
  volume={43},
  pages={355--386},
  year={1937}
}

@book{wickham09,
  author = {Hadley Wickham},
  title = {ggplot2: elegant graphics for data analysis},
  publisher = {Springer New York},
  year = {2009},
  isbn = {978-0-387-98140-6},
  url = {http://had.co.nz/ggplot2/book},
}

